// Referencias de Simulación de Sistemas:

@inproceedings{Maria1997,
  doi = {10.1145/268437.268440},
  url = {https://doi.org/10.1145/268437.268440},
  year = {1997},
  publisher = {{ACM} Press},
  author = {Anu Maria},
  title = {Introduction to modeling and simulation},
  booktitle = {Proceedings of the 29th conference on Winter simulation  - {WSC} {\textquotesingle}97}
}

@inproceedings{Arnold1996,
    author = {A. Buss},
    booktitle = {Winter Simulation Conference},
    title = {Modeling with event graphs},
    year = {1996},
    volume = {},
    issn = {},
    pages = {153-160},
    keywords = {},
    doi = {10.1109/WSC.1996.873273},
    url = {https://doi.ieeecomputersociety.org/10.1109/WSC.1996.873273},
    publisher = {IEEE Computer Society},
    address = {Los Alamitos, CA, USA},
    month = {dec}
}

@Book{Harry2009,
    author    = "Harry G. Perros",
    title     = "Computer simulation techniques: the definitive introduction!",
    year      = "2009",
    address   = "Raleigh, NC"
}

@Book{banks2010discrete-event,
    author = {Banks, Jerry},
    title = {Discrete-event system simulation},
    publisher = {Prentice Hall},
    year = {2010},
    address = {Upper Saddle River, N.J. Singapore},
    isbn = {0136062121}
}

@Book{wainer2011discrete-event,
    author = {Wainer, Gabriel},
    title = {Discrete-event modeling and simulation: theory and applications},
    publisher = {CRC Press},
    year = {2011},
    address = {Boca Raton},
    isbn = {978-1-4200-7233-4}
}

@misc{youtubeMatlabChannel1,
    author = {MATLAB},
    title = {Understanding Discrete Event Simulation, Part 1: What Is Discrete Event Simulation},
    journal = {Youtube},
    type = {Youtube Video},
    year = {2017},
    howpublished = {\url{https://youtu.be/21WQB0E-6-M}}
}

@misc{youtubeMatlabChannel2,
    author = {MATLAB},
    title = {Understanding Discrete Event Simulation, Part 2: Why Use Discrete Event Simulation},
    journal = {Youtube},
    type = {Youtube Video},
    year = {2017},
    howpublished = {\url{https://youtu.be/adkeGlcqBAo}}
}

@misc{youtubeMatlabChannel3,
    author = {MATLAB},
    title = {Understanding Discrete Event Simulation, Part 3: Leveraging Stochastic Processes},
    journal = {Youtube},
    type = {Youtube Video},
    year = {2017},
    howpublished = {\url{https://youtu.be/3EiniZbyeV0}}
}

@misc{youtubeMatlabChannel4,
    author = {MATLAB},
    title = {Understanding Discrete Event Simulation, Part 4: Operations Research},
    journal = {Youtube},
    type = {Youtube Video},
    year = {2017},
    howpublished = {\url{https://youtu.be/YkUT3fFrjpg}}
}

@misc{youtubeMatlabChannel5,
    author = {MATLAB},
    title = {Understanding Discrete Event Simulation, Part 5: Communication Modeling},
    journal = {Youtube},
    type = {Youtube Video},
    year = {2017},
    howpublished = {\url{https://youtu.be/w6SSng58DEw}}
}

// Referencias de Compilación: